
@article{graham_daily_2022,
	title = {Daily briefing: {CRISPR} cancer trial success paves the way for personalized treatments},
	issn = {0028-0836, 1476-4687},
	shorttitle = {Daily briefing},
	url = {https://www.nature.com/articles/d41586-022-03714-4},
	doi = {10.1038/d41586-022-03714-4},
	language = {en},
	urldate = {2023-01-02},
	journal = {Nature},
	author = {Graham, Flora},
	month = nov,
	year = {2022},
	pages = {d41586--022--03714--4},
}
