
@article{noauthor_content_2022,
	title = {Content: {Sep} {Sci} plus 11'22},
	volume = {5},
	issn = {2573-1815, 2573-1815},
	shorttitle = {Content},
	url = {https://onlinelibrary.wiley.com/doi/10.1002/sscp.202270093},
	doi = {10.1002/sscp.202270093},
	language = {en},
	number = {11},
	urldate = {2022-12-30},
	journal = {SEPARATION SCIENCE PLUS},
	month = nov,
	year = {2022},
	pages = {591--592},
}

@article{graham_daily_2022,
	title = {Daily briefing: {CRISPR} cancer trial success paves the way for personalized treatments},
	issn = {0028-0836, 1476-4687},
	shorttitle = {Daily briefing},
	url = {https://www.nature.com/articles/d41586-022-03714-4},
	doi = {10.1038/d41586-022-03714-4},
	language = {en},
	urldate = {2023-01-02},
	journal = {Nature},
	author = {Graham, Flora},
	month = nov,
	year = {2022},
	pages = {d41586--022--03714--4},
}
