@BOOK{mittelbach2004,
	title = {The {{\LaTeX}} Compansion},
	publisher = {Addison-Wesley},
	year = {2004},
	author = {Frank Mittelbach and Michel Goossens},
	series = {Tools and Techniques for Computer Typesetting},
	address = {Boston},
	edition = {Second}
}

@book{Razavi2001,
	title = {Design of Analog CMOS Integrated Circuits},
	author = {Behzad Razavi},
	year = {2001},
	edition={first},
	publisher = {McGraw-Hill}
}
@inproceedings{NIPS1999_01e00f2f,
	author = {Kabashima, Yoshiyuki and Murayama, Tatsuto and Saad, David and Vicente, Renato},
	booktitle = {Advances in Neural Information Processing Systems},
	editor = {S. Solla and T. Leen and K. M\"{u}ller},
	pages = {},
	publisher = {MIT Press},
	title = {Regular and Irregular Gallager-zype Error-Correcting Codes},
	url = {https://proceedings.neurips.cc/paper/1999/file/01e00f2f4bfcbb7505cb641066f2859b-Paper.pdf},
	volume = {12},
	year = {1999}
}
@inproceedings{NIPS1999_6449f44a,
	author = {Konda, Vijay and Tsitsiklis, John},
	booktitle = {Advances in Neural Information Processing Systems},
	editor = {S. Solla and T. Leen and K. M\"{u}ller},
	pages = {},
	publisher = {MIT Press},
	title = {Actor-Critic Algorithms},
	url = {https://proceedings.neurips.cc/paper/1999/file/6449f44a102fde848669bdd9eb6b76fa-Paper.pdf},
	volume = {12},
	year = {1999}
}
